<record><leader>00000cas a2200000   4500</leader><controlfield tag="001">5094183</controlfield><controlfield tag="008">790622c197u9999couwr ne      0   a0eng d</controlfield><controlfield tag="009">467</controlfield><datafield ind1=" " ind2=" " tag="010"><subfield code="a">sn 79007017 </subfield></datafield><datafield ind1=" " ind2=" " tag="040"><subfield code="a">NSD</subfield><subfield code="b">eng</subfield><subfield code="c">NSD</subfield><subfield code="d">OCL</subfield><subfield code="d">OCLCQ</subfield></datafield><datafield ind1=" " ind2=" " tag="012"><subfield code="k">1</subfield><subfield code="m">c</subfield></datafield><datafield ind1="1" ind2=" " tag="022"><subfield code="a">0192-0197</subfield><subfield code="l">0192-0197</subfield><subfield code="2">1</subfield></datafield><datafield ind1=" " ind2=" " tag="032"><subfield code="a">333450</subfield><subfield code="b">USPS</subfield></datafield><datafield ind1=" " ind2=" " tag="042"><subfield code="a">nsdp</subfield></datafield><datafield ind1=" " ind2="4" tag="222"><subfield code="a">The Canyon courier weekender</subfield></datafield><datafield ind1="0" ind2="4" tag="245"><subfield code="a">The Canyon courier weekender.</subfield></datafield><datafield ind1="0" ind2="3" tag="246"><subfield code="a">Weekender</subfield></datafield><datafield ind1=" " ind2=" " tag="260"><subfield code="a">Evergreen, Colo.,</subfield><subfield code="b">Johnson Newspapers, Inc.</subfield></datafield><datafield ind1=" " ind2=" " tag="936"><subfield code="a">Apr. 13, 1979</subfield></datafield></record>